@Electronic{Pornin2018,
  author = {Thomas Pornin},
  title  = {Why Constant-Time Crypto?},
  url    = {https://www.bearssl.org/constanttime.html},
  year   = {2018},
}

@Electronic{Hicks2014,
  author = {Michael Hicks},
  title  = {What is memory safety?},
  url    = {http://www.pl-enthusiast.net/2014/07/21/memory-safety/},
  year   = {2014},
}

@inproceedings{Shacham2007,
  author    = {Hovav Shacham},
  title     = {The geometry of innocent flesh on the bone: return-into-libc without function calls (on the x86)},
  booktitle = {In Proceedings of the 14th ACM conference on Computer and Communications Security ({CCS})},
  year      = {2007},
}

Please keep the comma after the author's name
@Electronic{AlephOne1996,
  author = {Aleph One,},
  title  = {Smashing The Stack For Fun And Profit},
  url    = {http://www.phrack.org/issues/49/14.html#article},
  year   = {1996},
}

Please keep the comma after the author's name
@Electronic{Solar1997,
  author = {Solar Designer,},
  title  = {Getting around non-executable stack (and fix)},
  url    = {https://seclists.org/bugtraq/1997/Aug/63},
  year   = {1997},
}
